<record><leader>00000cas a22000007a 4500</leader><controlfield tag="001">16394304</controlfield><controlfield tag="008">870805c197u9999iauwr ne      0    0eng d</controlfield><datafield ind1=" " ind2=" " tag="010"><subfield code="a">sn 87057607 </subfield></datafield><datafield ind1=" " ind2=" " tag="040"><subfield code="a">INP</subfield><subfield code="b">eng</subfield><subfield code="c">INP</subfield><subfield code="d">OCLCQ</subfield></datafield><datafield ind1=" " ind2=" " tag="042"><subfield code="a">msc</subfield></datafield><datafield ind1="0" ind2="4" tag="245"><subfield code="a">The West Lyon herald.</subfield></datafield><datafield ind1=" " ind2=" " tag="260"><subfield code="a">Inwood, Iowa :</subfield><subfield code="b">J.E. Van der Linden</subfield></datafield><datafield ind1=" " ind2=" " tag="300"><subfield code="a">v.</subfield></datafield><datafield ind1=" " ind2=" " tag="310"><subfield code="a">Weekly</subfield></datafield><datafield ind1=" " ind2=" " tag="588"><subfield code="a">Description based on: Vol. 86, no. 10 (May 27, 1976).</subfield></datafield><datafield ind1=" " ind2=" " tag="752"><subfield code="a">United States</subfield><subfield code="b">Iowa</subfield><subfield code="c">Lyon</subfield><subfield code="d">Inwood.</subfield></datafield><datafield ind1="0" ind2="0" tag="780"><subfield code="t">Inwood herald</subfield><subfield code="w">(DLC)sn 87057300</subfield></datafield></record>